<?xml version="1.0" encoding="UTF-8"?><collection xmlns="http://www.loc.gov/MARC21/slim"><record><leader>00582nam--2200169-i-4500</leader><controlfield tag="001">000019870</controlfield><controlfield tag="002">20161230</controlfield><controlfield tag="005">20161230201033</controlfield><controlfield tag="008">060222s1000------------r-----000-0-eng-d</controlfield><datafield ind1=" " ind2=" " tag="040"><subfield code="a">IFIN-HH</subfield></datafield><datafield ind1=" " ind2=" " tag="080"><subfield code="a">535.37(061.3)</subfield></datafield><datafield ind1="1" ind2=" " tag="110"><subfield code="a">Hungarian Academy Of Sciences</subfield></datafield><datafield ind1="1" ind2="0" tag="245"><subfield code="a">The 3rd conference on luminescence in szeged is held under the auspices of the eotvos lorand physical society, szeged 4-7 september, 1979</subfield><subfield code="b">Conference digest. volume 1</subfield></datafield><datafield ind1=" " ind2=" " tag="260"><subfield code="a">Szeged</subfield><subfield code="b">Eotvos Lorad Physical Society</subfield><subfield code="c">1979</subfield></datafield><datafield ind1=" " ind2=" " tag="300"><subfield code="a">205 P</subfield></datafield><datafield ind1=" " ind2=" " tag="852"><subfield code="a">47429</subfield><subfield code="c">535.37</subfield></datafield><datafield ind1=" " ind2=" " tag="CAT"><subfield code="a">Sys</subfield><subfield code="c">20110426</subfield><subfield code="h">154753</subfield></datafield></record></collection>